@incollection{sheth2018design,
  title={Design and Development of Intelligent AGV Using Computer Vision and Artificial Intelligence},
  author={Sheth, Saurin and Ajmera, Anand and Sharma, Arpit and Patel, Shivang and Kathrecha, Chintan},
  booktitle={Soft Computing: Theories and Applications},
  pages={337--349},
  year={2018},
  publisher={Springer}
}

@article{cardarelli2017cooperative,
  title={Cooperative cloud robotics architecture for the coordination of multi-AGV systems in industrial warehouses},
  author={Cardarelli, Elena and Digani, Valerio and Sabattini, Lorenzo and Secchi, Cristian and Fantuzzi, Cesare},
  journal={Mechatronics},
  volume={45},
  pages={1--13},
  year={2017},
  publisher={Elsevier}
}

@inproceedings{li2015convolutional,
  title={A convolutional neural network cascade for face detection},
  author={Li, Haoxiang and Lin, Zhe and Shen, Xiaohui and Brandt, Jonathan and Hua, Gang},
  booktitle={Proceedings of the IEEE conference on computer vision and pattern recognition},
  pages={5325--5334},
  year={2015}
}

@inproceedings{yang2016wider,
  title={Wider face: A face detection benchmark},
  author={Yang, Shuo and Luo, Ping and Loy, Chen-Change and Tang, Xiaoou},
  booktitle={Proceedings of the IEEE conference on computer vision and pattern recognition},
  pages={5525--5533},
  year={2016}
}

@inproceedings{jiang2017face,
  title={Face detection with the faster R-CNN},
  author={Jiang, Huaizu and Learned-Miller, Erik},
  booktitle={2017 12th IEEE International Conference on Automatic Face \& Gesture Recognition (FG 2017)},
  pages={650--657},
  year={2017},
  organization={IEEE}
}

@inproceedings{farfade2015multi,
  title={Multi-view face detection using deep convolutional neural networks},
  author={Farfade, Sachin Sudhakar and Saberian, Mohammad J and Li, Li-Jia},
  booktitle={Proceedings of the 5th ACM on International Conference on Multimedia Retrieval},
  pages={643--650},
  year={2015},
  organization={ACM}
}

@inproceedings{belagiannis2017recurrent,
  title={Recurrent human pose estimation},
  author={Belagiannis, Vasileios and Zisserman, Andrew},
  booktitle={2017 12th IEEE International Conference on Automatic Face \& Gesture Recognition (FG 2017)},
  pages={468--475},
  year={2017},
  organization={IEEE}
}

@inproceedings{lifshitz2016human,
  title={Human pose estimation using deep consensus voting},
  author={Lifshitz, Ita and Fetaya, Ethan and Ullman, Shimon},
  booktitle={European Conference on Computer Vision},
  pages={246--260},
  year={2016},
  organization={Springer}
}

@inproceedings{kiani2015correlation,
  title={Correlation filters with limited boundaries},
  author={Kiani Galoogahi, Hamed and Sim, Terence and Lucey, Simon},
  booktitle={Proceedings of the IEEE Conference on Computer Vision and Pattern Recognition},
  pages={4630--4638},
  year={2015}
}

@article{zuo2018learning,
  title={Learning support correlation filters for visual tracking},
  author={Zuo, Wangmeng and Wu, Xiaohe and Lin, Liang and Zhang, Lei and Yang, Ming-Hsuan},
  journal={IEEE transactions on pattern analysis and machine intelligence},
  year={2018},
  publisher={IEEE}
}

@article{jordan2015machine,
  title={Machine learning: Trends, perspectives, and prospects},
  author={Jordan, Michael I and Mitchell, Tom M},
  journal={Science},
  volume={349},
  number={6245},
  pages={255--260},
  year={2015},
  publisher={American Association for the Advancement of Science}
}

@misc{lison2015introduction,
  title={An introduction to machine learning},
  author={Lison, Pierre},
  year={2015},
  publisher={Springer: Berlin, Germany}
}

@article{meyer2015support,
  title={Support vector machines},
  author={Meyer, David and Wien, FH Technikum},
  journal={The Interface to libsvm in package e1071},
  pages={28},
  year={2015}
}

@inproceedings{song2015sun,
  title={Sun rgb-d: A rgb-d scene understanding benchmark suite},
  author={Song, Shuran and Lichtenberg, Samuel P and Xiao, Jianxiong},
  booktitle={Proceedings of the IEEE conference on computer vision and pattern recognition},
  pages={567--576},
  year={2015}
}

@inproceedings{song2016deep,
  title={Deep sliding shapes for amodal 3d object detection in rgb-d images},
  author={Song, Shuran and Xiao, Jianxiong},
  booktitle={Proceedings of the IEEE Conference on Computer Vision and Pattern Recognition},
  pages={808--816},
  year={2016}
}

@article{whelan2015real,
  title={Real-time large-scale dense RGB-D SLAM with volumetric fusion},
  author={Whelan, Thomas and Kaess, Michael and Johannsson, Hordur and Fallon, Maurice and Leonard, John J and McDonald, John},
  journal={The International Journal of Robotics Research},
  volume={34},
  number={4-5},
  pages={598--626},
  year={2015},
  publisher={Sage Publications Sage UK: London, England}
}

@article{wu2016robust,
  title={Robust fingertip detection in a complex environment},
  author={Wu, Guile and Kang, Wenxiong},
  journal={IEEE Transactions on Multimedia},
  volume={18},
  number={6},
  pages={978--987},
  year={2016},
  publisher={IEEE}
}

@article{garcia2017midgar,
  title={Midgar: Detection of people through computer vision in the Internet of Things scenarios to improve the security in Smart Cities, Smart Towns, and Smart Homes},
  author={Garc{\'\i}a, Cristian Gonz{\'a}lez and Meana-Llori{\'a}n, Daniel and G-Bustelo, B Cristina Pelayo and Lovelle, Juan Manuel Cueva and Garcia-Fernandez, Nestor},
  journal={Future Generation Computer Systems},
  volume={76},
  pages={301--313},
  year={2017},
  publisher={Elsevier}
}

@inproceedings{rao2015computer,
  title={A computer vision technique to detect phishing attacks},
  author={Rao, Routhu Srinivasa and Ali, Syed Taqi},
  booktitle={2015 Fifth International Conference on Communication Systems and Network Technologies},
  pages={596--601},
  year={2015},
  organization={IEEE}
}

@article{faubel2016cilia,
  title={Cilia-based flow network in the brain ventricles},
  author={Faubel, Regina and Westendorf, Christian and Bodenschatz, Eberhard and Eichele, Gregor},
  journal={Science},
  volume={353},
  number={6295},
  pages={176--178},
  year={2016},
  publisher={American Association for the Advancement of Science}
}

@article{radford2015unsupervised,
  title={Unsupervised representation learning with deep convolutional generative adversarial networks},
  author={Radford, Alec and Metz, Luke and Chintala, Soumith},
  journal={arXiv preprint arXiv:1511.06434},
  year={2015}
}

@inproceedings{goodfellow2014generative,
  title={Generative adversarial nets},
  author={Goodfellow, Ian and Pouget-Abadie, Jean and Mirza, Mehdi and Xu, Bing and Warde-Farley, David and Ozair, Sherjil and Courville, Aaron and Bengio, Yoshua},
  booktitle={Advances in neural information processing systems},
  pages={2672--2680},
  year={2014}
}

@article{lecun1998gradient,
  title={Gradient-based learning applied to document recognition},
  author={LeCun, Yann and Bottou, L{\'e}on and Bengio, Yoshua and Haffner, Patrick and others},
  journal={Proceedings of the IEEE},
  volume={86},
  number={11},
  pages={2278--2324},
  year={1998},
  publisher={Taipei, Taiwan}
}

@inproceedings{krizhevsky2012imagenet,
  title={Imagenet classification with deep convolutional neural networks},
  author={Krizhevsky, Alex and Sutskever, Ilya and Hinton, Geoffrey E},
  booktitle={Advances in neural information processing systems},
  pages={1097--1105},
  year={2012}
}

@inproceedings{glorot2011deep,
  title={Deep sparse rectifier neural networks},
  author={Glorot, Xavier and Bordes, Antoine and Bengio, Yoshua},
  booktitle={Proceedings of the fourteenth international conference on artificial intelligence and statistics},
  pages={315--323},
  year={2011}
}

@article{srivastava2014dropout,
  title={Dropout: a simple way to prevent neural networks from overfitting},
  author={Srivastava, Nitish and Hinton, Geoffrey and Krizhevsky, Alex and Sutskever, Ilya and Salakhutdinov, Ruslan},
  journal={The Journal of Machine Learning Research},
  volume={15},
  number={1},
  pages={1929--1958},
  year={2014},
  publisher={JMLR. org}
}

@article{tinto1975dropout,
  title={Dropout from higher education: A theoretical synthesis of recent research},
  author={Tinto, Vincent},
  journal={Review of educational research},
  volume={45},
  number={1},
  pages={89--125},
  year={1975},
  publisher={Sage Publications Sage CA: Thousand Oaks, CA}
}

@inproceedings{nagi2011max,
  title={Max-pooling convolutional neural networks for vision-based hand gesture recognition},
  author={Nagi, Jawad and Ducatelle, Frederick and Di Caro, Gianni A and Cire{\c{s}}an, Dan and Meier, Ueli and Giusti, Alessandro and Nagi, Farrukh and Schmidhuber, J{\"u}rgen and Gambardella, Luca Maria},
  booktitle={2011 IEEE International Conference on Signal and Image Processing Applications (ICSIPA)},
  pages={342--347},
  year={2011},
  organization={IEEE}
}

@inproceedings{szegedy2015going,
  title={Going deeper with convolutions},
  author={Szegedy, Christian and Liu, Wei and Jia, Yangqing and Sermanet, Pierre and Reed, Scott and Anguelov, Dragomir and Erhan, Dumitru and Vanhoucke, Vincent and Rabinovich, Andrew},
  booktitle={Proceedings of the IEEE conference on computer vision and pattern recognition},
  pages={1--9},
  year={2015}
}

@article{simonyan2014very,
  title={Very deep convolutional networks for large-scale image recognition},
  author={Simonyan, Karen and Zisserman, Andrew},
  journal={arXiv preprint arXiv:1409.1556},
  year={2014}
}

@inproceedings{he2016deep,
  title={Deep residual learning for image recognition},
  author={He, Kaiming and Zhang, Xiangyu and Ren, Shaoqing and Sun, Jian},
  booktitle={Proceedings of the IEEE conference on computer vision and pattern recognition},
  pages={770--778},
  year={2016}
}

@article{ioffe2015batch,
  title={Batch normalization: Accelerating deep network training by reducing internal covariate shift},
  author={Ioffe, Sergey and Szegedy, Christian},
  journal={arXiv preprint arXiv:1502.03167},
  year={2015}
}

@inproceedings{mao2017least,
  title={Least squares generative adversarial networks},
  author={Mao, Xudong and Li, Qing and Xie, Haoran and Lau, Raymond YK and Wang, Zhen and Paul Smolley, Stephen},
  booktitle={Proceedings of the IEEE International Conference on Computer Vision},
  pages={2794--2802},
  year={2017}
}

@article{mirza2014conditional,
  title={Conditional generative adversarial nets},
  author={Mirza, Mehdi and Osindero, Simon},
  journal={arXiv preprint arXiv:1411.1784},
  year={2014}
}

@article{berthelot2017began,
  title={Began: Boundary equilibrium generative adversarial networks},
  author={Berthelot, David and Schumm, Thomas and Metz, Luke},
  journal={arXiv preprint arXiv:1703.10717},
  year={2017}
}

@inproceedings{bousmalis2017unsupervised,
  title={Unsupervised pixel-level domain adaptation with generative adversarial networks},
  author={Bousmalis, Konstantinos and Silberman, Nathan and Dohan, David and Erhan, Dumitru and Krishnan, Dilip},
  booktitle={Proceedings of the IEEE conference on computer vision and pattern recognition},
  pages={3722--3731},
  year={2017}
}

@inproceedings{isola2017image,
  title={Image-to-image translation with conditional adversarial networks},
  author={Isola, Phillip and Zhu, Jun-Yan and Zhou, Tinghui and Efros, Alexei A},
  booktitle={Proceedings of the IEEE conference on computer vision and pattern recognition},
  pages={1125--1134},
  year={2017}
}

@inproceedings{girshick2014rich,
  title={Rich feature hierarchies for accurate object detection and semantic segmentation},
  author={Girshick, Ross and Donahue, Jeff and Darrell, Trevor and Malik, Jitendra},
  booktitle={Proceedings of the IEEE conference on computer vision and pattern recognition},
  pages={580--587},
  year={2014}
}

@article{he2015spatial,
  title={Spatial pyramid pooling in deep convolutional networks for visual recognition},
  author={He, Kaiming and Zhang, Xiangyu and Ren, Shaoqing and Sun, Jian},
  journal={IEEE transactions on pattern analysis and machine intelligence},
  volume={37},
  number={9},
  pages={1904--1916},
  year={2015},
  publisher={IEEE}
}

@inproceedings{girshick2015fast,
  title={Fast r-cnn},
  author={Girshick, Ross},
  booktitle={Proceedings of the IEEE international conference on computer vision},
  pages={1440--1448},
  year={2015}
}

@inproceedings{ren2015faster,
  title={Faster r-cnn: Towards real-time object detection with region proposal networks},
  author={Ren, Shaoqing and He, Kaiming and Girshick, Ross and Sun, Jian},
  booktitle={Advances in neural information processing systems},
  pages={91--99},
  year={2015}
}

@inproceedings{redmon2016you,
  title={You only look once: Unified, real-time object detection},
  author={Redmon, Joseph and Divvala, Santosh and Girshick, Ross and Farhadi, Ali},
  booktitle={Proceedings of the IEEE conference on computer vision and pattern recognition},
  pages={779--788},
  year={2016}
}

@inproceedings{redmon2017yolo9000,
  title={YOLO9000: better, faster, stronger},
  author={Redmon, Joseph and Farhadi, Ali},
  booktitle={Proceedings of the IEEE conference on computer vision and pattern recognition},
  pages={7263--7271},
  year={2017}
}

@inproceedings{liu2016ssd,
  title={Ssd: Single shot multibox detector},
  author={Liu, Wei and Anguelov, Dragomir and Erhan, Dumitru and Szegedy, Christian and Reed, Scott and Fu, Cheng-Yang and Berg, Alexander C},
  booktitle={European conference on computer vision},
  pages={21--37},
  year={2016},
  organization={Springer}
}

@inproceedings{huang2017speed,
  title={Speed/accuracy trade-offs for modern convolutional object detectors},
  author={Huang, Jonathan and Rathod, Vivek and Sun, Chen and Zhu, Menglong and Korattikara, Anoop and Fathi, Alireza and Fischer, Ian and Wojna, Zbigniew and Song, Yang and Guadarrama, Sergio and others},
  booktitle={Proceedings of the IEEE conference on computer vision and pattern recognition},
  pages={7310--7311},
  year={2017}
}

@article{lu2018grid,
  title={Grid R-CNN},
  author={Lu, Xin and Li, Buyu and Yue, Yuxin and Li, Quanquan and Yan, Junjie},
  journal={arXiv preprint arXiv:1811.12030},
  year={2018}
}

@inproceedings{long2015fully,
  title={Fully convolutional networks for semantic segmentation},
  author={Long, Jonathan and Shelhamer, Evan and Darrell, Trevor},
  booktitle={Proceedings of the IEEE conference on computer vision and pattern recognition},
  pages={3431--3440},
  year={2015}
}

@article{chen2018deeplab,
  title={Deeplab: Semantic image segmentation with deep convolutional nets, atrous convolution, and fully connected crfs},
  author={Chen, Liang-Chieh and Papandreou, George and Kokkinos, Iasonas and Murphy, Kevin and Yuille, Alan L},
  journal={IEEE transactions on pattern analysis and machine intelligence},
  volume={40},
  number={4},
  pages={834--848},
  year={2018},
  publisher={IEEE}
}

@article{yu2015multi,
  title={Multi-scale context aggregation by dilated convolutions},
  author={Yu, Fisher and Koltun, Vladlen},
  journal={arXiv preprint arXiv:1511.07122},
  year={2015}
}

@article{de2017semantic,
  title={Semantic instance segmentation with a discriminative loss function},
  author={De Brabandere, Bert and Neven, Davy and Van Gool, Luc},
  journal={arXiv preprint arXiv:1708.02551},
  year={2017}
}

@inproceedings{he2017mask,
  title={Mask r-cnn},
  author={He, Kaiming and Gkioxari, Georgia and Doll{\'a}r, Piotr and Girshick, Ross},
  booktitle={Proceedings of the IEEE international conference on computer vision},
  pages={2961--2969},
  year={2017}
}